@Manual{base,
title = {{R}: A Language and Environment for Statistical Computing},
  author = {{R Core Team}},
  organization = {R Foundation for Statistical Computing},
  address = {Vienna, Austria},
  year = {2023},
  url = {https://www.R-project.org/},
}
@Manual{datatable,
title = {{data.table}: Extension of `{data.frame}'},
  author = {Tyson Barrett and Matt Dowle and Arun Srinivasan and Jan Gorecki and Michael Chirico and Toby Hocking},
  year = {2024},
  note = {R package version 1.15.0},
  url = {https://CRAN.R-project.org/package=data.table},
}
@Article{fixest,
  title = {Efficient estimation of maximum likelihood models with multiple fixed-effects: the {R} package {FENmlm}},
  author = {Laurent Berg\'e},
  year = {2018},
  journal = {CREA Discussion Papers},
  number = {13},
}
@Manual{ggfixest,
title = {{ggfixest}: Dedicated `{ggplot2}' Methods for `{fixest}' Objects},
  author = {Grant McDermott},
  year = {2023},
  note = {R package version 0.1.0},
  url = {https://CRAN.R-project.org/package=ggfixest},
}
@Manual{grateful,
title = {{grateful}: Facilitate citation of R packages},
  author = {{Francisco Rodriguez-Sanchez} and {Connor P. Jackson}},
  year = {2023},
  url = {https://pakillo.github.io/grateful/},
}
@Manual{gridExtra,
title = {{gridExtra}: Miscellaneous Functions for ``{Grid}'' Graphics},
  author = {Baptiste Auguie},
  year = {2017},
  note = {R package version 2.3},
  url = {https://CRAN.R-project.org/package=gridExtra},
}
@Manual{janitor,
title = {{janitor}: Simple Tools for Examining and Cleaning Dirty Data},
  author = {Sam Firke},
  year = {2023},
  note = {R package version 2.2.0},
  url = {https://CRAN.R-project.org/package=janitor},
}
@Manual{kableExtra,
title = {{kableExtra}: Construct Complex Table with `{kable}' and Pipe Syntax},
  author = {Hao Zhu},
  year = {2024},
  note = {R package version 1.4.0},
  url = {https://CRAN.R-project.org/package=kableExtra},
}
@Article{modelsummary,
  title = {{modelsummary}: Data and Model Summaries in {R}},
  author = {Vincent Arel-Bundock},
  journal = {Journal of Statistical Software},
  year = {2022},
  volume = {103},
  number = {1},
  pages = {1--23},
  doi = {10.18637/jss.v103.i01},
}
@Manual{openxlsx,
title = {{openxlsx}: Read, Write and Edit xlsx Files},
  author = {Philipp Schauberger and Alexander Walker},
  year = {2023},
  note = {R package version 4.2.5.2},
  url = {https://CRAN.R-project.org/package=openxlsx},
}
@Manual{patchwork,
title = {{patchwork}: The Composer of Plots},
  author = {Thomas Lin Pedersen},
  year = {2024},
  note = {R package version 1.2.0},
  url = {https://CRAN.R-project.org/package=patchwork},
}
@Manual{rgovcan,
title = {{rgovcan}: Easy Access to the Canadian Open Government Portal},
  author = {Valentin Lucet},
  year = {2024},
  note = {R package version 1.0.4},
  url = {https://vlucet.github.io/rgovcan/},
}
@Article{sandwich2020,
  title = {Various Versatile Variances: An Object-Oriented Implementation of Clustered Covariances in {R}},
  author = {Achim Zeileis and Susanne K\"oll and Nathaniel Graham},
  journal = {Journal of Statistical Software},
  year = {2020},
  volume = {95},
  number = {1},
  pages = {1--36},
  doi = {10.18637/jss.v095.i01},
}

@Article{sandwich2004,
  title = {Econometric Computing with {HC} and {HAC} Covariance Matrix Estimators},
  author = {Achim Zeileis},
  journal = {Journal of Statistical Software},
  year = {2004},
  volume = {11},
  number = {10},
  pages = {1--17},
  doi = {10.18637/jss.v011.i10},
}

@Article{sandwich2006,
  title = {Object-Oriented Computation of Sandwich Estimators},
  author = {Achim Zeileis},
  journal = {Journal of Statistical Software},
  year = {2006},
  volume = {16},
  number = {9},
  pages = {1--16},
  doi = {10.18637/jss.v016.i09},
}
@Manual{scales,
title = {{scales}: Scale Functions for Visualization},
  author = {Hadley Wickham and Thomas Lin Pedersen and Dana Seidel},
  year = {2023},
  note = {R package version 1.3.0},
  url = {https://CRAN.R-project.org/package=scales},
}
@Manual{statcanR,
title = {{statcanR}: Client for Statistics Canada's Open Economic Data},
  author = {Thierry Warin and Romain {Le Duc}},
  year = {2023},
  note = {R package version 0.2.6},
  url = {https://CRAN.R-project.org/package=statcanR},
}
@Manual{tinytable,
title = {{tinytable}: Simple and Configurable Tables in `{HTML}', `{LaTeX}', `{Markdown}',
`{Word}', `{PNG}', `{PDF}', and `{Typst}' Formats},
  author = {Vincent Arel-Bundock},
  year = {2024},
  note = {R package version 0.2.1},
  url = {https://CRAN.R-project.org/package=tinytable},
}
@Article{tidyverse,
  title = {Welcome to the {tidyverse}},
  author = {Hadley Wickham and Mara Averick and Jennifer Bryan and Winston Chang and Lucy D'Agostino McGowan and Romain FranÃ§ois and Garrett Grolemund and Alex Hayes and Lionel Henry and Jim Hester and Max Kuhn and Thomas Lin Pedersen and Evan Miller and Stephan Milton Bache and Kirill MÃ¼ller and Jeroen Ooms and David Robinson and Dana Paige Seidel and Vitalie Spinu and Kohske Takahashi and Davis Vaughan and Claus Wilke and Kara Woo and Hiroaki Yutani},
  year = {2019},
  journal = {Journal of Open Source Software},
  volume = {4},
  number = {43},
  pages = {1686},
  doi = {10.21105/joss.01686},
}
