@misc{canadianintellectualpropertyoffice23,
  type = {Datasets with Data Dictionaries},
  title = {{{IP Horizons Patent Researcher Datasets}}},
  author = {{Canadian Intellectual Property Office}},
  year = {2023},
  publisher = {{Innovation, Science and Economic Development Canada}},
  address = {IP Horizons},
  url = {https://ised-isde.canada.ca/site/canadian-intellectual-property-office/en/canadian-intellectual-property-statistics/patent-data-bibliographic-and-full-text-csv-and-txt},
  urldate = {2023-12-15},
  annotation = {year: 2023 Date modified:~2023-06-19}
}

@misc{cpi,
  type = {Data Table},
  title = {Table 18-10-0004-01  {{Consumer Price Index}}, Monthly, Not Seasonally Adjusted},
  author = {{Statistics Canada}},
  year = {2024},
  doi = {10.25318/2010007401-eng},
  urldate = {2024-01-15}
}

@misc{ei_claims,
  type = {Data Table},
  title = {Table 14-10-0005-01 {{Employment}} Insurance Claims Received by Province and Territory, Monthly, Seasonally Adjusted},
  author = {{Statistics Canada}},
  year = {2024},
  doi = {10.25318/1410000501-eng},
  urldate = {2024-01-15}
}

@misc{insolvency24,
  type = {Dataset},
  title = {Historic {{Insolvency Statistics}} - {{Monthly}} (from 1987)},
  author = {{Innovation, Science and Economic Development Canada}},
  year = {2024},
  number = {746709f1-c729-44a1-ba84-7be5eadd3664},
  publisher = {Open Government Canada},
  doi = {10.25318/2510001501-eng},
  url = {https://www150.statcan.gc.ca/t1/tbl1/en/tv.action?pid=2510001501},
  urldate = {2024-01-15},
  archiveprefix = {Open Government Canada}
}

@misc{lfs_employee_wages,
  type = {Data Table},
  title = {Table 14-10-0063-01 {{Employee}} Wages by Industry, Monthly, Unadjusted for Seasonality},
  author = {{Statistics Canada}},
  year = {2024},
  month = feb,
  doi = {10.25318/1410006301-eng},
  urldate = {2024-01-15},
  abstract = {Average hourly and weekly wage rate, and median hourly and weekly wage rate by North American Industry Classification System (NAICS), type of work, sex, and age group, last 5 months.},
  langid = {english},
  annotation = {Last Modified: 2024-02-09}
}

@misc{lfs_lfc_table,
  type = {Data Table},
  title = {Table 14-10-0287-03 {{Labour}} Force Characteristics by Province, Monthly, Seasonally Adjusted},
  shorttitle = {{{LFS Labour Force Characteristics}}},
  author = {{Statistics Canada}},
  year = {2024},
  month = feb,
  doi = {10.25318/1410028701-eng},
  urldate = {2024-01-15},
  abstract = {Number of persons in the labour force (employment and unemployment), unemployment rate, participation rate and employment rate by province, sex and age group. Data are presented for 12 months earlier, previous month and current month, as well as year-over-year and month-to-month level change and percentage change. Data are also available for the standard error of the estimate, the standard error of the month-to-month change and the standard error of the year-over-year change.},
  langid = {english},
  annotation = {Last Modified: 2024-02-09},
  file = {C:\Users\user\Zotero\storage\SVEZHYCW\tv.html}
}

@misc{manufacturing_sales,
  type = {Data Table},
  title = {Table 16-10-0048-01 {{Manufacturing}} Sales by Industry and Province, Monthly (Dollars Unless Otherwise Noted) (x 1,000)},
  author = {{Statistics Canada}},
  year = {2024},
  doi = {10.25318/1610004801-eng},
  urldate = {2024-01-15}
}

@misc{retail_trade_sales,
  type = {Data Table},
  title = {Table 20-10-0008-01  {{Retail}} Trade Sales by Province and Territory, Inactive (x 1,000)},
  author = {{Statistics Canada}},
  year = {2023},
  doi = {10.25318/2010000801-eng},
  urldate = {2024-01-15}
}

@misc{statisticscanada08,
  type = {Data Table},
  title = {Table 25-10-0001-01 {{Electric}} Power Statistics, with Data for Years 1950 - 2007},
  author = {{Statistics Canada}},
  year = {2008},
  doi = {10.25318/2510000101-eng},
  urldate = {2024-01-15}
}

@misc{statisticscanada24,
  type = {Data Table},
  title = {Table 14-10-0042-01 {{Average}} Usual and Actual Hours Worked in a Reference Week by Type of Work (Full- and Part-Time), Monthly, Unadjusted for Seasonality},
  author = {{Statistics Canada}},
  year = {2024},
  doi = {10.25318/1410004201-eng},
  urldate = {2024-01-15}
}

@misc{statisticscanada24a,
  type = {Data Table},
  title = {Table 18-10-0205-01  {{New}} Housing Price Index, Monthly},
  author = {{Statistics Canada}},
  year = {2024},
  doi = {10.25318/1810020501-eng},
  urldate = {2024-01-15}
}

@misc{statisticscanada24b,
  type = {Data Table},
  title = {Table 14-10-0050-01  {{Job}} Tenure by Type of Work (Full- and Part-Time), Monthly, Unadjusted for Seasonality},
  author = {{Statistics Canada}},
  year = {2024},
  doi = {10.25318/1410005001-eng},
  urldate = {2024-01-15}
}

@misc{statisticscanada24c,
  type = {Data Table},
  title = {Table 21-10-0019-01  {{Monthly}} Survey of Food Services and Drinking Places (x 1,000)},
  author = {{Statistics Canada}},
  year = {2024},
  doi = {10.25318/2110001901-eng},
  urldate = {2024-01-15}
}

@misc{statisticscanada24d,
  type = {Data Table},
  title = {Table 24-10-0052-01  {{Vehicles}} Entering {{Canada}} by Land, by Vehicle Type and Licence Plate},
  author = {{Statistics Canada}},
  year = {2024},
  doi = {10.25318/2410005201-eng},
  urldate = {2024-01-15}
}

@misc{statisticscanada24e,
  type = {Data Table},
  title = {Table 24-10-0005-01  {{International}} Travellers Entering or Returning to {{Canada}}, by Province of Entry, Seasonally Adjusted},
  author = {{Statistics Canada}},
  year = {2024},
  doi = {10.25318/2410005201-eng},
  urldate = {2024-01-15}
}

@misc{statisticscanada24f,
  type = {Data Table},
  title = {Table 25-10-0015-01  {{Electric}} Power Generation, Monthly Generation by Type of Electricity},
  author = {{Statistics Canada}},
  year = {2024},
  doi = {10.25318/2510001501-eng},
  urldate = {2024-01-15}
}

@misc{statisticscanada24g,
  type = {Data Table},
  title = {Table 12-10-0175-01  {{International}} Merchandise Trade by Province, Commodity, and {{Principal Trading Partners}} (x 1,000)},
  author = {{Statistics Canada}},
  year = {2024},
  doi = {10.25318/2510001501-eng},
  urldate = {2024-01-15}
}

@misc{usual_hours_worked,
  type = {Data Table},
  title = {Table 14-10-0030-01  {{Usual}} Hours Worked by Job Type (Main or All Jobs), Monthly, Unadjusted for Seasonality},
  author = {{Statistics Canada}},
  year = {2024},
  doi = {10.25318/1410003001-eng},
  urldate = {2024-01-15}
}

@misc{wholesale_trade,
  type = {Data Table},
  title = {Table 20-10-0074-01 {{Wholesale}} Trade, Sales (x 1,000)},
  author = {{Statistics Canada}},
  year = {2024},
  doi = {10.25318/2010007401-eng},
  urldate = {2024-01-15}
}
