
@misc{GitHubCopilot,
	title = {{GitHub} {Copilot}},
	url = {https://docs.github.com/en/copilot},
	abstract = {Large language model},
	publisher = {GitHub, Inc.},
	note = {Type: Large language model
tex.version: 1.156.0.0},
}
